00985cas a2200277 a 4500
001 9915860433502836
003 Nz
005 20161223170857.0
008 130131d19231960nz wr|ne      0   a0eng  
035    $a (Nz)13881120
035    $a (NLNZils)1586043
035    $a (NLNZils)1586043-ilsdb
035    $a (OCoLC)946519035
040    $a NZNB $c NZNB
042    $a nznb
043    $a u-nz---
082 04 $a 079.936 $2 23
245 00 $a New Zealand free lance : $b an illustrated journal of information and racy comment upon the topics of the hour.
246 3  $a New Zealand freelance
260    $a [Wellington, N.Z.] : $b Arthur Claude Geddis for H.E. Geddis & Co., $c [1923-1960]
300    $a 38 v. : $b ill. ; $c 40 cm.
310    $a Weekly
362 1  $a Began with no. 51 (June 27, 1923); ceased with no. 18 (Nov. 2, 1960)
515    $a Continues the numbering of its predecessor; numbering begins each July with 1.
655  7 $a New Zealand newspapers. $2 local $5 Nz
780 00 $t Free lance (Wellington, N.Z.)
